4700 5759
3479 647 3598 741 v.
3667 737 3670 742 ,

849 899 1375 985 excitabuntur,
1431 892 1776 989 iliumque
1827 890 2175 990 integrum
2222 887 2473 969 'edendi
2526 895 2970 992 propolitum
3032 899 3407 994 arripient,
3455 917 3546 972 ac
3579 985 3600 1000 .

746 1121 757 1134 ,
860 1053 1088 1129 donec
1175 1051 1575 1136 effecerint,
1646 1046 2015 1135 tenebunt,
2083 1051 2206 1142 qni
2277 1049 2682 1121 austeritate
2751 1050 2865 1126 vel
2928 1052 3226 1144 pecunia
3287 1048 3559 1122 valeant

852 1205 1194 1300 praeclari
1266 1204 1339 1276 in
1404 1201 1686 1276 civitate
1762 1199 1922 1273 viri.
2040 1196 2255 1273 Hunc
2312 1218 2543 1272 autem
2612 1200 2684 1272 in
2752 1200 2961 1274 finem
3025 1201 3216 1298 legas
3258 1200 3558 1295 primum

808 1376 812 1380 ·
848 1351 931 1431 ἀ
983 1356 1347 1432 describas.
1364 1353 1607 1449 operis
1643 1313 2193 1445 praestationem.>
2276 1349 2517 1446 Digna
2541 1350 2727 1430 forte
2754 1355 2967 1426 etiam
2991 1404 3026 1447 ,
3068 1372 3245 1448 qnae
3280 1353 3556 1440 edatur,

848 1508 945 1581 est
1010 1507 1223 1603 ipfius
1293 1483 1593 1580 auctoris
1641 1501 1968 1596 historia,
2019 1502 2136 1576 sed
2187 1501 2344 1576 stilo
2402 1502 3262 1601 conscripta.sublimiori.
3363 1503 3558 1580 Huic

844 1657 1179 1756 adjungas
1242 1675 1459 1733 unam
1520 1654 1951 1749 alteramque
2018 1656 2327 1729 virorum
2396 1654 2763 1733 illustrium
2820 1662 3061 1734 vitam.
3159 1656 3318 1734 Has
3366 1657 3561 1731 deni·

846 1832 987 1905 que
1068 1812 1389 1905 sequatur
1461 1808 1774 1882 omnium
1836 1809 2198 1881 nominum
2259 1804 2523 1897 index,
2588 1828 2713 1897 ut,
2781 1810 2954 1903 quid
3001 1807 3133 1883 Ibn
3187 1809 3563 1887 Chalicani

842 1985 1063 2057 opere
1129 1964 1612 2049 contineatur,
1674 1977 2016 2052 quosnam
2078 1956 2147 2030 ὃ(
2198 1978 2378 2050 quot
2424 1959 2927 2053 complectatur
2969 1958 3266 2036 illustres
3321 1965 3563 2047 viros,

842 2115 1047 2207 poffit
1108 2114 1491 2203 unicunque
1572 2129 1835 2201 patere.
1958 2106 2270 2178 Iudicem
2344 2130 2515 2181 vero
2585 2127 2779 2182 tuum
2856 2114 2951 2186 ita
3001 2131 3434 2204 componas,
3475 2126 3556 2182 ut

843 2265 1182 2360 cujusq-ue
1233 2264 1364 2336 viri
1418 2279 1567 2334 non
1626 2260 1834 2331 unice
1885 2275 2141 2330 nomen
2178 2258 2556 2347 exhibeas,
2613 2256 2727 2329 sed
2777 2258 3011 2347 simul,
3065 2280 3211 2353 quo
3261 2259 3558 2353 quisque

848 2437 1033 2491 anno
1086 2431 1328 2489 ·natus
1423 2413 1503 2486 fit
1578 2409 1648 2484 δι
1716 2411 2080 2497 mortuus,
2146 2411 2343 2484 brevi
2414 2412 2862 2484 annotatione
2934 2408 3267 2484 ostendas.
3385 2410 3558 2488 Scio

832 2568 1207 2661 equidem,
1262 2566 1567 2658 aliquem
1618 2563 1754 2636 tibi
1796 2561 1954 2636 fore
2008 2561 2495 2638 exantlandum
2553 2562 2910 2649 laborem,
2963 2562 3060 2637 ast
3112 2560 3320 2638 ardua
3367 2583 3548 2657 quae

828 2718 1123 2821 pulcra!
1199 2715 1395 2817 Quid
1456 2713 1698 2790 enim?
1747 2711 2017 2788 confilii
2069 2713 2282 2792 nostri
2334 2717 2625 2808 votique
2669 2712 3059 2822 aliquando
3115 2715 3163 2788 fi
3211 2683 3333 2798 ,tua
3380 2735 3556 2814 ope-

830 2894 913 2950 ra
994 2872 1160 2946 facti
1227 2869 1566 2945 fuerimus
1641 2884 2010 2960 compotes
2036 2913 2062 2951 ,
2146 2863 2464 2940 excitass'e
2531 2884 2601 2938 tc
2675 2868 2878 2938 illum
2952 2865 3271 2939 ardorem
3335 2867 3561 2974 laete,

832 3041 971 3102 nec
1058 3021 1338 3116 prorsus
1428 3018 1568 3092 fine
1652 3014 1859 3090 laude
1940 3032 2098 3100 ma,
2167 3010 2399 3086 secum
2465 3015 2998 3110 recogitabunt,
3057 3035 3415 3110 quotquot
3483 3021 3560 3096 in

834 3176 1190 3274 posterum
1264 3172 1409 3246 fint
1486 3169 1798 3244 exstituri
1886 3165 2267 3242 orientalis
2335 3163 2731 3241 literaturae
2803 3165 3157 3257 sartorem
3225 3169 3323 3244 fin
3385 3189 3557 3247 vero

835 3329 1068 3406 nostra
1136 3327 1449 3400 labamur
1516 3322 1691 3416 spe,
1734 3319 2035 3415 finisque
2083 3338 2329 3414 optato
2387 3337 2616 3394 careat
2668 3317 2970 3394 successu
2994 3368 3021 3408 ,
3073 3339 3270 3404 tuum
3321 3340 3552 3398 tamen

833 3483 1186 3580 specimen
1270 3477 1490 3553 lexic-i
1556 3471 2001 3573 biograpbica·
2058 3471 2280 3547 usum-
2332 3470 2640 3565 quodam
2712 3491 2904 3547 certe
2996 3471 3212 3551 modo
3277 3471 3556 3570 semper

822 3638 1089 3733 poterit
1121 3627 1529 3727 praestare-’⁹

925 3788 1051 3862 Sic
1126 3785 1256 3860 Vir
1326 3784 1459 3861 Ille
1528 3784 1723 3858 suum
1780 3782 1852 3854 in
1908 3775 2048 3851 hoc
2105 3773 2382 3851 edendo
2443 3777 2821 3875 specimine
2871 3776 3235 3855 confilium
3279 3777 3545 3875 patefa-

824 3941 1071 4025 ciens,
1159 3958 1271 4010 me
1365 3936 1863 4010 adhortabatur
1944 3928 2520 4024 stimulabatque;
2606 3933 2721 4004 cui
2794 3935 3066 4007 monito
3152 3930 3197 4002 fi
3289 3950 3550 4007 temere

824 4110 966 4185 ego
1042 4087 1480 4180 obedierim,
1541 4085 1832 4183 juvenili
1898 4082 1968 4154 id
2028 4079 2256 4156 ardori
2309 4082 2668 4179 ignoscant
2715 4086 2921 4177 aequi
2962 4103 3189 4158 rerum
3233 4083 3551 4179 judiceS,

830 4240 1134 4336 quaeso,
1205 4236 1324 4332 ὅτ,
1394 4231 1520 4312 ubi
1589 4239 1829 4316 desunt
1896 4236 2131 4324 vireS,
2197 4255 2428 4309 tamen
2478 4236 2608 4312 esse
2664 4235 3063 4312 laudandam
3114 4234 3548 4311 voluntatem

830 4392 1067 4473 secum
1166 4357 1510 4487 cogitent.
1662 4391 1741 4468 Si
1834 4405 2009 4467 vero'
2114 4393 2384 4487 magnis
2463 4411 2578 4467 me
2679 4386 3006 4468 excidiffe
3091 4365 3265 4470 aulis
3365 4386 3554 4462 forte

2279 4538 2360 4616 N
2745 4565 2750 4572 ·
3427 4539 3545 4638 ju-
