4700 5759
1146 1593 1153 1598 ’
1245 1655 1305 1699 ,,
1353 1601 1545 1683 Huic
1597 1594 1887 1696 (Deo)
1941 1595 2288 1674 addictum
2342 1600 2410 1674 se
2456 1599 2830 1697 profitetur
2880 1602 3348 1678 Mohammed
3399 1602 3531 1677 Ibn
3579 1603 3685 1678 Isa
3731 1603 3864 1680 Ibn

1138 1752 1607 1833 Mohammed
1680 1752 1812 1826 Ibn
1883 1748 2264 1825 Rozzabek
2338 1751 2741 1848 Schaseita,
2805 1760 2929 1851 qui
3009 1758 3196 1831 hunc
3261 1754 3518 1831 librum
3569 1755 3865 1832 absolvit

1138 1869 1253 1983 die
1302 1906 1536 1996 Solis,
1589 1906 1666 1979 8⁰
1726 1903 1971 1976 menfis
2027 1901 2300 1977 Rabiae
2360 1905 2764 1999 posterioris
2808 1905 2900 1981 A.
2955 1907 3051 1982 H.
3095 1897 3317 2004 7'30''.

1236 2057 1355 2130 Ex
1434 2079 1574 2151 qua
1663 2053 2164 2147 subscriptione
2254 2056 2441 2129 sorte
2519 2077 2665 2129 non
2730 2057 2868 2130 fine
2938 2060 3211 2131 ratione
3279 2033 3734 2148 concludas(
3774 2083 3864 2137 eo

1140 2228 1465 2304 tempore
1540 2226 1710 2308 quo·
1752 2203 1871 2277 hic
1961 2203 2196 2277 codex
2279 2225 2599 2280 exaratus
2675 2204 2814 2302 est,
2895 2206 3212 2282 ultimam
3290 2208 3421 2283 Ibn
3487 2208 3862 2288 Chalicani

1060 2361 1075 2378 ⁸
1137 2364 1373 2458 operis
1462 2377 1728 2457 partem
1768 2407 1796 2445 ,
1918 2375 2127 2450 quam
2219 2357 2378 2454 post
2489 2356 2787 2431 reditum
2878 2380 2922 2431 e
3024 2359 3223 2455 Syria
3327 2364 3414 2437 ab
3540 2361 3633 2438 A.
3753 2359 3849 2437 H.

1132 2513 1282 2609 669
1379 2512 1466 2586 ad
1560 2511 1705 2607 672
1770 2507 2175 2605 composuit
2264 2514 2507 2583 auctor
2538 2559 2564 2597 ,
2652 2510 2962 2583 nondum
3068 2515 3141 2584 in
3233 2516 3545 2586 omnium
3641 2515 3862 2590 lecto·

1122 2684 1276 2741 rum
1345 2652 1590 2737 'manus
1656 2657 1953 2748 veniss'e,
2005 2657 2325 2756 adeoque
2379 2659 2470 2734 A.
2534 2661 2731 2756 659,
2795 2680 2942 2753 quo
3007 2655 3433 2736 Damascum
3504 2659 3638 2736 fuit
3686 2667 3898 2758 pro·'

1125 2817 1386 2905 sectus»,
1454 2815 1760 2903 librum,
1831 2814 1935 2886 uti
2007 2831 2155 2887 tum
2224 2829 2417 2896 erat,
2500 2809 2813 2886 nondum
2883 2787 3277 2887 absolutum
3316 2865 3344 2907 ‚
3417 2836 3644 2889 tamen
3701 2815 3852 2912 jam

1129 2972 1219 3046 ab
1289 2968 1443 3043 aliis
1511 2964 1929 3059 descriptum
1955 3014 1980 3054 ,
2029 2964 2167 3038 five
2232 2962 2541 3056 editum,
2595 2960 2668 3039 δι
2731 2967 2916 3040 inter
2984 2965 3304 3041 homines
3355 2969 3846 3071 pervulgatum

1129 3120 1369 3198 suiss'cz
1423 3117 1619 3198 cons.
1655 3137 1820 3216 pag.
1869 3135 1961 3213 17
2003 3136 2135 3191 not
2169 3141 2232 3192 c.

1228 3427 1348 3504 Ad
1409 3425 1702 3500 alterum
1766 3418 2292 3496 describendum
2362 3420 2681 3498 codicem
2765 3429 2959 3521 prius
3011 3446 3218 3520 quam
3272 3443 3385 3498 me
3440 3423 3844 3516 conferam,

1130 3578 1445 3669 Palmio,
1537 3579 1696 3650 viro
1764 3573 2172 3664 clarissimo,
2227 3573 2498 3648 debitas
2555 3576 2697 3649 hoc
2756 3576 2929 3660 loco
2986 3599 3190 3676 agere
3240 3579 3492 3674 gratias
3535 3579 3706 3649 mihi
3754 3575 3843 3649 li·

1134 3752 1314 3846 ceat.
1432 3728 1769 3802 Omnium
1842 3729 2028 3802 enim
2088 3724 2224 3800 Ille
2295 3724 2850 3825 elegantiorum‚
2893 3729 3222 3828 ‚inprimis
3289 3751 3460 3803 vero
3519 3727 3845 3802 Orienta-

976 3871 985 3880 ’
1129 3880 1304 3955 lium
1372 3880 1729 3956 literarum
1792 3879 2072 3970 cultor,
2140 3875 2423 3951 fimulac
2488 3875 2793 3952 nostrum
2839 3879 2972 3954 Ibn
3023 3876 3394 3956 Chalicani
3446 3879 3841 3974 speciminis

1134 4029 1514 4140 eghibendi
1595 4029 1960 4105 confilium
2032 4029 2426 4129 intellexit,
2495 4029 2617 4102 ubi
2672 4034 2946 4125 potuit,
3013 4053 3145 4106 nos
3226 4032 3511 4129 adjuvit.
3613 4031 3840 4106 Codi-

1134 4200 1292 4259 cem
1356 4183 1564 4257 nobis
1620 4182 1882 4259 obtulit
1942 4185 2274 4258 eximium
2347 4183 2638 4255 omuino
2705 4205 2789 4257 ac
2863 4185 3362 4279 praestantem3
3412 4186 3652 4283 insigni
3706 4204 3838 4256 nos

1126 4333 1474 4413 librorum
1547 4337 1760 4431 copia
1803 4335 2157 4432 instruxit,
2206 4355 2246 4409 e
2292 4355 2603 4433 ‘quorum
2657 4335 3007 4456 lectione,
3054 4337 3103 4413 fi
3153 4337 3457 4434 aliquem
3503 4353 3843 4432 pet-cepe·
3887 4379 3900 4404 .
3969 4408 3990 4434 ⁴

3739 4485 3838 4560 ἢ.
